@ARTICLE{winter, 
	author={Winter, Bruce B. and Webster, John G.},  
	journal={IEEE Transactions on Biomedical Engineering},   
	title={Driven-right-leg circuit design},   
	year={1983},  
	volume={BME-30},  
	number={1},  
	pages={62-66},  
	doi={10.1109/TBME.1983.325168}
}

@article{Luque2012,
  doi = {10.1186/1687-1499-2012-94},
  url = {https://doi.org/10.1186/1687-1499-2012-94},
  year = {2012},
  month = mar,
  publisher = {Springer Science and Business Media {LLC}},
  volume = {2012},
  number = {1},
  author = {Jos{\'{e}} Rafael Luque and Mar{\'{\i}}a Jos{\'{e}} Mor{\'{o}}n and Eduardo Casilari},
  title = {Analytical and empirical evaluation of the impact of Gaussian noise on the modulations employed by Bluetooth Enhanced Data Rates},
  journal = {{EURASIP} Journal on Wireless Communications and Networking}
}

@book{test,
	author = "lf",
	title = "book",
}
